%% This BibTeX bibliography file was created using BibDesk.
%% http://bibdesk.sourceforge.net/

%% Created for Sarthak Jain at 2016-09-29 17:28:05 +0530 


%% Saved with string encoding Unicode (UTF-8) 

@article{raney2006dual,
  title={Dual-polarized SAR and stokes parameters},
  author={Raney, R Keith},
  journal={IEEE Geoscience and Remote Sensing Letters},
  volume={3},
  number={3},
  pages={317--319},
  year={2006},
  publisher={IEEE}
}

@article{raney2007hybrid,
  title={Hybrid-polarity SAR architecture},
  author={Raney, R Keith},
  journal={IEEE Transactions on Geoscience and Remote Sensing},
  volume={45},
  number={11},
  pages={3397--3404},
  year={2007},
  publisher={IEEE}
}
@article{chang2011libsvm,
  title={LIBSVM: a library for support vector machines},
  author={Chang, Chih-Chung and Lin, Chih-Jen},
  journal={ACM transactions on intelligent systems and technology (TIST)},
  volume={2},
  number={3},
  pages={27},
  year={2011},
  publisher={Acm}
}
@inproceedings{pottier2009overview,
  title={Overview of the PolSARpro V4. 0 software. The open source toolbox for polarimetric and interferometric polarimetric SAR data processing},
  author={Pottier, Eric and Ferro-Famil, Laurent and Allain, Sophie and Cloude, Shane and Hajnsek, Irena and Papathanassiou, Kostas and Moreira, Alberto and Williams, Mark and Minchella, Andrea and Lavalle, Marco and others},
  booktitle={Geoscience and Remote Sensing Symposium, 2009 IEEE International, IGARSS 2009},
  volume={4},
  pages={IV--936},
  year={2009},
  organization={IEEE}
}
@article{kothapalli2017multi,
  title={Multi-incidence angle RISAT-1 Hybrid Polarimetric SAR data for large area mapping of maize crop--a case study in Khagaria district, Bihar, India},
  author={Kothapalli Venkata, Ramana and Poloju, Srikanth and Mullapudi Venkata Rama, Sesha Sai and Gogineni, Annapurna and Prabir Kumar, Das and Allakki Venkata, Ramani and Nagaraju, Aparna and Dadhwal, Vinay Kumar and KRP, Singh},
  journal={International Journal of Remote Sensing},
  volume={38},
  number={20},
  pages={5487--5501},
  year={2017},
  publisher={Taylor \& Francis}
}

@article{qgis2015qgis,
  title={QGIS geographic information system},
  author={QGIS Development Team and others},
  journal={Open Source Geospatial Foundation Project. Dispon{\'\i}vel em:< http://www. qgis. org/>. Acesso em},
  volume={27},
  year={2015}
}

@article{chirakkal2017evaluation,
  title={Evaluation of Hybrid Polarimetric Decomposition Techniques for Winter Crop Discrimination},
  author={Chirakkal, Sanid and Haldar, Dipanwita and Misra, Arundhati},
  journal={Progress In Electromagnetics Research},
  volume={55},
  pages={73--84},
  year={2017},
  publisher={EMW Publishing}
}

@inproceedings{scholkopf2000support,
  title={Support vector method for novelty detection},
  author={Sch{\"o}lkopf, Bernhard and Williamson, Robert C and Smola, Alex J and Shawe-Taylor, John and Platt, John C},
  booktitle={Advances in neural information processing systems},
  pages={582--588},
  year={2000}
}
@article{tax2004support,
  title={Support vector data description},
  author={Tax, David MJ and Duin, Robert PW},
  journal={Machine learning},
  volume={54},
  number={1},
  pages={45--66},
  year={2004},
  publisher={Springer}
}

@inproceedings{guerbai2014effective,
  title={The effective use of the One-Class SVM classifier for reduced training samples and its application to handwritten signature verification},
  author={Guerbai, Yasmine and Chibani, Youcef and Hadjadji, Bilal},
  booktitle={Multimedia Computing and Systems (ICMCS), 2014 International Conference on},
  pages={362--366},
  year={2014},
  organization={IEEE}
}

@manual{RSGS:2012,
title  = "RS/GS Notes",
author = "\url{http://sar.kangwon.ac.kr/etc/rs_note/rsnote/cp11/cp11-7.htm}",
url    = "http://sar.kangwon.ac.kr/etc/rs_note/rsnote/cp11/cp11-7.htm",
year   = "October 7, 2012"
}

@article{fang2018land,
  title={Land cover classification with gf-3 polarimetric synthetic aperture radar data by random forest classifier and fast super-pixel segmentation},
  author={Fang, Yuyuan and Zhang, Haiying and Mao, Qin and Li, Zhenfang},
  journal={Sensors},
  volume={18},
  number={7},
  pages={2014},
  year={2018},
  publisher={Multidisciplinary Digital Publishing Institute}
}
@book{lee2009polarimetric,
  title={Polarimetric radar imaging: from basics to applications},
  author={Lee, Jong-Sen and Pottier, Eric},
  year={2009},
  publisher={CRC press}
}

@article{congedo2016semi,
  title={Semi-automatic classification plugin documentation: release 5.0. 2.1},
  author={Congedo, Luca},
  journal={http://dx. doi. org/10.13140/RG},
  volume={2},
  number={29474.02242},
  pages={1},
  year={2016}
}

@article{hsu2003practical,
  title={A practical guide to support vector classification},
  author={Hsu, Chih-Wei and Chang, Chih-Chung and Lin, Chih-Jen and others},
  year={2003},
  publisher={Taipei}
}
@inproceedings{hou2015polarimetric,
  title={Polarimetric SAR images classification using deep belief networks with learning features},
  author={Hou, Biao and Luo, Xiaohuan and Wang, Shuang and Jiao, Licheng and Zhang, Xiangrong},
  booktitle={Geoscience and Remote Sensing Symposium (IGARSS), 2015 IEEE International},
  pages={2366--2369},
  year={2015},
  organization={IEEE}
}
